<?xml version="1.0" encoding="UTF-8"?><collection xmlns="http://www.loc.gov/MARC21/slim"><record><leader>00358nam--2200109-i-4500</leader><controlfield tag="001">000038688</controlfield><controlfield tag="002">20161230</controlfield><controlfield tag="005">20161230201041</controlfield><controlfield tag="008">060222s1000------------r-----000-0-eng-d</controlfield><datafield ind1=" " ind2=" " tag="245"><subfield code="a">Report on the thermionic conversion specialist conference, oct.7-9, 1963, gatlinburg, tennessee</subfield></datafield><datafield ind1=" " ind2=" " tag="260"><subfield code="a">Schenectady, N.Y., General Research Laboratory, Vii + 375p</subfield></datafield><datafield ind1=" " ind2=" " tag="852"><subfield code="a">21159</subfield></datafield></record></collection>